%YAML 1.1
%TAG !u! tag:unity3d.com,2011:
--- !u!1001 &100100000
Prefab:
  m_ObjectHideFlags: 1
  serializedVersion: 2
  m_Modification:
    m_TransformParent: {fileID: 0}
    m_Modifications: []
    m_RemovedComponents: []
  m_SourcePrefab: {fileID: 0}
  m_RootGameObject: {fileID: 1192641458597302}
  m_IsPrefabAsset: 1
--- !u!1 &1192641458597302
GameObject:
  m_ObjectHideFlags: 0
  m_CorrespondingSourceObject: {fileID: 0}
  m_PrefabInternal: {fileID: 100100000}
  serializedVersion: 6
  m_Component:
  - component: {fileID: 4333507836982010}
  - component: {fileID: 33222977125096512}
  - component: {fileID: 23579725177664088}
  - component: {fileID: 65660093590615720}
  - component: {fileID: 114768344544565402}
  - component: {fileID: 54881710465472688}
  - component: {fileID: 114597769164316062}
  - component: {fileID: 114389801330166992}
  - component: {fileID: 114969545020000494}
  m_Layer: 0
  m_Name: CarboardBox_1
  m_TagString: Untagged
  m_Icon: {fileID: 0}
  m_NavMeshLayer: 0
  m_StaticEditorFlags: 0
  m_IsActive: 1
--- !u!4 &4333507836982010
Transform:
  m_ObjectHideFlags: 1
  m_CorrespondingSourceObject: {fileID: 0}
  m_PrefabInternal: {fileID: 100100000}
  m_GameObject: {fileID: 1192641458597302}
  m_LocalRotation: {x: 0, y: 0, z: 0, w: 1}
  m_LocalPosition: {x: 0.65, y: 0.5, z: 0}
  m_LocalScale: {x: 1, y: 1, z: 1}
  m_Children: []
  m_Father: {fileID: 0}
  m_RootOrder: 0
  m_LocalEulerAnglesHint: {x: 0, y: 0, z: 0}
--- !u!23 &23579725177664088
MeshRenderer:
  m_ObjectHideFlags: 1
  m_CorrespondingSourceObject: {fileID: 0}
  m_PrefabInternal: {fileID: 100100000}
  m_GameObject: {fileID: 1192641458597302}
  m_Enabled: 1
  m_CastShadows: 1
  m_ReceiveShadows: 1
  m_DynamicOccludee: 1
  m_MotionVectors: 1
  m_LightProbeUsage: 1
  m_ReflectionProbeUsage: 1
  m_RenderingLayerMask: 4294967295
  m_Materials:
  - {fileID: 2100000, guid: ccdf908219c056e47b7042e940f76eea, type: 2}
  m_StaticBatchInfo:
    firstSubMesh: 0
    subMeshCount: 0
  m_StaticBatchRoot: {fileID: 0}
  m_ProbeAnchor: {fileID: 0}
  m_LightProbeVolumeOverride: {fileID: 0}
  m_ScaleInLightmap: 1
  m_PreserveUVs: 0
  m_IgnoreNormalsForChartDetection: 0
  m_ImportantGI: 0
  m_StitchLightmapSeams: 0
  m_SelectedEditorRenderState: 3
  m_MinimumChartSize: 4
  m_AutoUVMaxDistance: 0.5
  m_AutoUVMaxAngle: 89
  m_LightmapParameters: {fileID: 0}
  m_SortingLayerID: 0
  m_SortingLayer: 0
  m_SortingOrder: 0
--- !u!33 &33222977125096512
MeshFilter:
  m_ObjectHideFlags: 1
  m_CorrespondingSourceObject: {fileID: 0}
  m_PrefabInternal: {fileID: 100100000}
  m_GameObject: {fileID: 1192641458597302}
  m_Mesh: {fileID: 4300000, guid: e8ffcb9c31ba4f04fa5e284aad39d64a, type: 3}
--- !u!54 &54881710465472688
Rigidbody:
  m_ObjectHideFlags: 1
  m_CorrespondingSourceObject: {fileID: 0}
  m_PrefabInternal: {fileID: 100100000}
  m_GameObject: {fileID: 1192641458597302}
  serializedVersion: 2
  m_Mass: 300
  m_Drag: 0
  m_AngularDrag: 0.05
  m_UseGravity: 1
  m_IsKinematic: 0
  m_Interpolate: 0
  m_Constraints: 0
  m_CollisionDetection: 0
--- !u!65 &65660093590615720
BoxCollider:
  m_ObjectHideFlags: 1
  m_CorrespondingSourceObject: {fileID: 0}
  m_PrefabInternal: {fileID: 100100000}
  m_GameObject: {fileID: 1192641458597302}
  m_Material: {fileID: 0}
  m_IsTrigger: 0
  m_Enabled: 1
  serializedVersion: 2
  m_Size: {x: 0.59999996, y: 0.60754, z: 0.59999996}
  m_Center: {x: 0, y: 0.0037700385, z: 0}
--- !u!114 &114389801330166992
MonoBehaviour:
  m_ObjectHideFlags: 1
  m_CorrespondingSourceObject: {fileID: 0}
  m_PrefabInternal: {fileID: 100100000}
  m_GameObject: {fileID: 1192641458597302}
  m_Enabled: 1
  m_EditorHideFlags: 0
  m_Script: {fileID: 11500000, guid: 3ffc9b3ef55e73940b755b0e878dcf4e, type: 3}
  m_Name: 
  m_EditorClassIdentifier: 
  RequiredSpeed: 1
--- !u!114 &114597769164316062
MonoBehaviour:
  m_ObjectHideFlags: 1
  m_CorrespondingSourceObject: {fileID: 0}
  m_PrefabInternal: {fileID: 100100000}
  m_GameObject: {fileID: 1192641458597302}
  m_Enabled: 1
  m_EditorHideFlags: 0
  m_Script: {fileID: 11500000, guid: d6ab776819fb2134a83e53be9982f281, type: 3}
  m_Name: 
  m_EditorClassIdentifier: 
--- !u!114 &114768344544565402
MonoBehaviour:
  m_ObjectHideFlags: 1
  m_CorrespondingSourceObject: {fileID: 0}
  m_PrefabInternal: {fileID: 100100000}
  m_GameObject: {fileID: 1192641458597302}
  m_Enabled: 1
  m_EditorHideFlags: 0
  m_Script: {fileID: 11500000, guid: 2c1e088ce10ab7d4c87f03fd1f2dfcae, type: 3}
  m_Name: 
  m_EditorClassIdentifier: 
  posOffset: {x: 0, y: 0, z: 0}
  rotOffset: {x: 0, y: 0, z: 0}
  alignPosition: 0
  alignRotation: 0
  alignPositionOffset: {x: 0, y: 0, z: 0}
  alignRotationOffset: {x: 0, y: 0, z: 0}
  m_followingDuration: 0.04
  m_overrideMaxAngularVelocity: 1
  m_unblockableGrab: 1
  m_grabButton: 0
  m_allowMultipleGrabbers: 1
  m_afterGrabbed:
    m_PersistentCalls:
      m_Calls: []
    m_TypeName: HTC.UnityPlugin.Vive.BasicGrabbable+UnityEventGrabbable, Assembly-CSharp,
      Version=0.0.0.0, Culture=neutral, PublicKeyToken=null
  m_beforeRelease:
    m_PersistentCalls:
      m_Calls: []
    m_TypeName: HTC.UnityPlugin.Vive.BasicGrabbable+UnityEventGrabbable, Assembly-CSharp,
      Version=0.0.0.0, Culture=neutral, PublicKeyToken=null
  m_onDrop:
    m_PersistentCalls:
      m_Calls: []
    m_TypeName: HTC.UnityPlugin.Vive.BasicGrabbable+UnityEventGrabbable, Assembly-CSharp,
      Version=0.0.0.0, Culture=neutral, PublicKeyToken=null
--- !u!114 &114969545020000494
MonoBehaviour:
  m_ObjectHideFlags: 1
  m_CorrespondingSourceObject: {fileID: 0}
  m_PrefabInternal: {fileID: 100100000}
  m_GameObject: {fileID: 1192641458597302}
  m_Enabled: 1
  m_EditorHideFlags: 0
  m_Script: {fileID: 11500000, guid: fbf3ae9be3b0a02408b6fea64e1c9fc0, type: 3}
  m_Name: 
  m_EditorClassIdentifier: 
  RespawnLocation: {x: 0, y: 0, z: 0}
  RespawnHeight: -10
